% Encoding: UTF-8

@Misc{Spiel-Engine,
  author = {Wikipedia},
  title  = {Spiel-Engine --- Wikipedia{,} Die freie Enzyklop√§die},
  year   = {2018},
  note   = {[Online; Stand 22. Juni 2018]},
  url    = {https://de.wikipedia.org/w/index.php?title=Spiel-Engine&oldid=173243484},
}

@Comment{jabref-meta: databaseType:bibtex;}
